@article{avila2013brasil,
  title={Brasil informacional: a seguran{\c{c}}a cibern{\'e}tica como desafio {\`a} seguran{\c{c}}a nacional},
  author={{\'A}VILA, Rafael Oliveira de and SILVA, Rafael Pinto da},
  year={2013}
}

@article{Neves_Lopes_Pavani_Sales_2021, place={São Paulo, Brasil}, title={A segurança da informação de encontro às conformidades da LGPD}, volume={13}, url={https://fatecpg.edu.br/revista/index.php/ps/article/view/171}, abstractNote={&lt;p&gt;A contínua expansão dos negócios gera diariamente, uma enorme massa de dados, com informações pessoais e organizacionais, públicas ou privadas. Sobre essa massa há uma enorme necessidade de atenção e cuidados, pois transitam qualquer tipo de informação, como fotos, vídeos, relatórios médicos, relatórios policiais, judiciais e informações que devem ser mantidas sob sigilo. Com o intuito de proteger tais informações,  a Lei Geral de Proteção de Dados (LGPD) coíbe  o compartilhamento e a troca de informações pessoais ou institucionais para a manipulação no âmbito empresarial. A garantia da segurança dos dados fica sob a responsabilidade das empresas que realizam a coleta dos mesmos. Este artigo investiga , através do método exploratório, como o tratamento de dados da LGPD pode estar em conformidade com o plano de segurança de informação de uma empresa.&lt;/p&#38;gt;}, journal={Revista Processando o Saber}, author={Neves, Denise Lemes Fernandes and Lopes , Tatiana Schimtz de Almeida and Pavani, Guilheme Cintra and Sales, Rafael Marcos}, year={2021}, month={jun.}, pages={186-198} }

@article{carneiro2022,
  title = {Relação entre os motivos e o uso problemático da internet com o bem-estar : um estudo com jovens adultos},
  url = {http://hdl.handle.net/10400.14/37197},
  author = {Carneiro, João Henrique da Silva},
  month = jan,
  year = {2022},
}

@article{vieira2018,
  title = {Utilização de pentest na prevenção de ataques cibernéticos às organizações},
  url = {http://lattes.cnpq.br/3553920177544450},
  author = {Vieira, Yago Dyogennes Bezerra},
  year = {2022},
}

@inproceedings{wgrs,
 author = {Yuri Fialho and Jacir Bordim},
 title = {Segurança em imagens Docker: um estudo de ferramentas de análise estática},
 booktitle = {Anais do XXVI Workshop de Gerência e Operação de Redes e Serviços},
 location = {Uberlândia},
 year = {2021},
 keywords = {},
 issn = {2595-2722},
 pages = {138--151},
 publisher = {SBC},
 address = {Porto Alegre, RS, Brasil},
 doi = {10.5753/wgrs.2021.17191},
 url = {https://sol.sbc.org.br/index.php/wgrs/article/view/17191}
}

@ARTICLE{8528247,
  author={Yadav, R. R. and Sousa, E. T. G. and Callou, G. R. A.},
  journal={IEEE Latin America Transactions}, 
  title={Performance Comparison Between Virtual Machines and Docker Containers}, 
  year={2018},
  volume={16},
  number={8},
  pages={2282-2288},
  doi={10.1109/TLA.2018.8528247}}
  
@misc{url:OWASP,
    author= {OWASP},
  title = {Welcome to the OWASP Top 10 - 2021},
    year  = {2021},
  note = {\url{https://owasp.org/Top10/}, Last accessed on 2022-07-12}
}

@misc{https://doi.org/10.48550/arxiv.2205.02544,
  doi = {10.48550/ARXIV.2205.02544},
  
  url = {https://arxiv.org/abs/2205.02544},
  
  author = {Hiesgen, Raphael and Nawrocki, Marcin and Schmidt, Thomas C. and Wählisch, Matthias},
  
  keywords = {Cryptography and Security (cs.CR), FOS: Computer and information sciences, FOS: Computer and information sciences},
  
  title = {The Race to the Vulnerable: Measuring the Log4j Shell Incident},
  
  publisher = {arXiv},
  
  year = {2022},
  
  copyright = {arXiv.org perpetual, non-exclusive license}
}

@inproceedings{hassan2018quantitative,
  title={Quantitative assessment on broken access control vulnerability in web applications},
  author={Hassan, M and Ali, M and Bhuiyan, T and Sharif, M and Biswas, S},
  booktitle={International Conference on Cyber Security and Computer Science 2018},
  year={2018}
}

@misc{Jeremy2022,
  author = {Jeremy Druin},
  title = {mutillidae},
  year = {2022},
  publisher = {GitHub},
  journal = {GitHub repository},
  howpublished = {\url{https://github.com/webpwnized/mutillidae}},
  commit = {dfe8ddc63fd1d9c58588e9b37366abd809743126}
}

@article{nagoriquantum,
  title={Quantum Computing posing a Challenge to Businesses},
  author={Nagori, Vikalp}
}

@ARTICLE{9319139,  author={Ibarra-Fiallos, Santiago and Higuera, Javier Bermejo and Intriago-Pazmiño, Monserrate and Higuera, Juan Ramón Bermejo and Montalvo, Juan Antonio Sicilia and Cubo, Javier},  journal={IEEE Access},   title={Effective Filter for Common Injection Attacks in Online Web Applications},   year={2021},  volume={9},  number={},  pages={10378-10391},  doi={10.1109/ACCESS.2021.3050566}}

https://owasp.org/www-project-broken-web-applications/migrated_content

@misc{url:OWASPBWA,
    author= {OWASP},
  title = {OWASP Broken Web Applications},
    year  = {2021},
  note = {\url{https://owasp.org/www-project-broken-web-applications/migrated_content}, Last accessed on 2022-11-30}
}

@misc{url:owaspmuti,
    author= {OWASP},
  title = {OWASP Mutillidae II},
    year  = {2017},
  note = {\url{https://owasp.org/www-project-mutillidae-ii/}, Last accessed on 2022-11-30}
}

@ARTICLE{7742298,
  author={Combe, Theo and Martin, Antony and Di Pietro, Roberto},
  journal={IEEE Cloud Computing}, 
  title={To Docker or Not to Docker: A Security Perspective}, 
  year={2016},
  volume={3},
  number={5},
  pages={54-62},
  doi={10.1109/MCC.2016.100}}
  
@INPROCEEDINGS{7960064,  author={Liang, Li and Zhu, Ligu and Shang, Wenqian and Feng, Dongyu and Xiao, Zida},  booktitle={2017 IEEE/ACIS 16th International Conference on Computer and Information Science (ICIS)},   title={Express supervision system based on NodeJS and MongoDB},   year={2017},  volume={},  number={},  pages={607-612},  doi={10.1109/ICIS.2017.7960064}}

@misc{url:react,
    author= {Ugo Roveda},
  title = {REACT: O QUE É, COMO FUNCIONA E PORQUE USAR E COMO APRENDER},
    year  = {2020},
  note = {\url{https://kenzie.com.br/blog/react/}, Last accessed on 2022-11-30}
}

@INPROCEEDINGS{5231398,
  author={Junyan, Lv and Shiguo, Xu and Yijie, Li},
  booktitle={2009 International Forum on Information Technology and Applications}, 
  title={Application Research of Embedded Database SQLite}, 
  year={2009},
  volume={2},
  number={},
  pages={539-543},
  doi={10.1109/IFITA.2009.408}}
  
@INPROCEEDINGS{9935837,  author={Nurbojatmiko and Lathifah, Ari and Bil Amri, Faaza and Rosidah, Ani},  booktitle={2022 10th International Conference on Cyber and IT Service Management (CITSM)},   title={Security Vulnerability Analysis of the Sharia Crowdfunding Website Using OWASP-ZAP},   year={2022},  volume={},  number={},  pages={1-5},  doi={10.1109/CITSM56380.2022.9935837}}

@INPROCEEDINGS{6045929,  author={Eshete, Birhanu and Villafiorita, Adolfo and Weldemariam, Komminist},  booktitle={2011 Sixth International Conference on Availability, Reliability and Security},   title={Early Detection of Security Misconfiguration Vulnerabilities in Web Applications},   year={2011},  volume={},  number={},  pages={169-174},  doi={10.1109/ARES.2011.31}}

@article{galvao2022analysis,
  title={Analysis and Aggregation of Vulnerability Databases with Code-Level Data},
  author={Galv{\~a}o, Pedro Leite},
  year={2022}
}

@misc{authentication,
    author= {Cyolo Team},
  title = {Identification And Authentication Failures And How To Prevent Them},
    year  = {2022},
  note = {\url{https://cyolo.io/blog/identification-and-authentication-failures-and-how-to-prevent-them/}, Last accessed on 2022-11-30}
}

@misc{integrity,
    author= {Sudip Sengupta},
  title = {A08:2021 – Software and Data Integrity Failures- Explained},
    year  = {2022},
  note = {\url{https://crashtest-security.com/owasp-software-data-integrity-failures/}, Last accessed on 2022-11-30}
}

@misc{logging,
    author= {Shivam Bathla},
  title = {A09:2021-Security Logging and Monitoring Failures},
    year  = {2021},
  note = {\url{https://medium.com/@shivam_bathla/a09-2021-security-logging-and-monitoring-failures-88c1c349f5a6}, Last accessed on 2022-11-30}
}

@inproceedings{jabiyev2021preventing,
  title={Preventing server-side request forgery attacks},
  author={Jabiyev, Bahruz and Mirzaei, Omid and Kharraz, Amin and Kirda, Engin},
  booktitle={Proceedings of the 36th Annual ACM Symposium on Applied Computing},
  pages={1626--1635},
  year={2021}
}

@online{docker,
    title = "What is Docker?",
    url  = "https://www.redhat.com/en/topics/containers/what-is-docker",
    addendum = "(accessed: 09.01.2018)",
    keywords = "docker"
}