@article{9187785,
  author  = {Evsutin, Oleg and Melman, Anna and Meshcheryakov, Roman},
  journal = {IEEE Access},
  title   = {Digital Steganography and Watermarking for Digital Images: A Review of Current Research Directions},
  year    = {2020},
  volume  = {8},
  number  = {},
  pages   = {166589-166611},
  doi     = {10.1109/ACCESS.2020.3022779}
}

@article{JohnsonJajodia,
  author  = {Johnson, Neil F. and Jajodia, Sushil},
  journal = {Computer},
  title   = {Exploring steganography: Seeing the unseen},
  year    = {1998},
  volume  = {31},
  number  = {2},
  pages   = {26-34},
  doi     = {10.1109/MC.1998.4655281}
}